@article{
year={2007},
issn={0920-5691},
journal={International Journal of Computer Vision},
volume={75},
number={1},
doi={10.1007/s11263-006-0031-y},
title={Recovering Surface Layout from an Image},
url={http://dx.doi.org/10.1007/s11263-006-0031-y},
publisher={Kluwer Academic Publishers-Plenum Publishers},
keywords={surface layout; spatial layout; geometric context; scene understanding; context; object detection; model-driven segmentation; image understanding; multiple segmentations; object recognition},
author={Hoiem, Derek and Efros, AlexeiA. and Hebert, Martial},
pages={151-172},
language={English}
}
