@article{Boutell20041757,
title = "Learning multi-label scene classification ",
journal = "Pattern Recognition ",
volume = "37",
number = "9",
pages = "1757 - 1771",
year = "2004",
note = "",
issn = "0031-3203",
doi = "http://dx.doi.org/10.1016/j.patcog.2004.03.009",
url = "http://www.sciencedirect.com/science/article/pii/S0031320304001074",
author = "Matthew R. Boutell and Jiebo Luo and Xipeng Shen and Christopher M. Brown",
keywords = "Image understanding",
keywords = "Semantic scene classification",
keywords = "Multi-label classification",
keywords = "Multi-label training",
keywords = "Multi-label evaluation",
keywords = "Image organization",
keywords = "Cross-training",
keywords = "Jaccard similarity "
}

