@incollection{paperone,
year={2011},
isbn={978-3-642-19314-9},
booktitle={Computer Vision – ACCV 2010},
volume={6492},
series={Lecture Notes in Computer Science},
editor={Kimmel, Ron and Klette, Reinhard and Sugimoto, Akihiro},
doi={10.1007/978-3-642-19315-6_3},
title={Efficient Large-Scale Stereo Matching},
url={http://dx.doi.org/10.1007/978-3-642-19315-6_3},
publisher={Springer Berlin Heidelberg},
author={Geiger, Andreas and Roser, Martin and Urtasun, Raquel},
pages={25-38},
language={English}
}

@INPROCEEDINGS{papertwo, 
author={Xing Mei and Xun Sun and Mingcai Zhou and shaohui Jiao and Haitao Wang and Xiaopeng Zhang}, 
booktitle={Computer Vision Workshops (ICCV Workshops), 2011 IEEE International Conference on}, 
title={On building an accurate stereo matching system on graphics hardware}, 
year={2011}, 
month={Nov}, 
pages={467-474}, 
keywords={graphics processing units;image matching;image sequences;optimisation;parallel architectures;stereo image processing;AD-Census measure;CUDA;GPU-based stereo matching system;Middlebury benchmark;dynamic cross-based regions;graphics hardware;multistep refinement process;scanline optimization framework;stereo video sequences;Accuracy;Graphics processing unit;Image color analysis;Image edge detection;Interpolation;Reliability;Stereo vision}, 
doi={10.1109/ICCVW.2011.6130280},}


